@article{seq2seq,
	author={Ilya Sutskever and Oriol Vinyals and Quoc V. Le},
	title = {Sequence to Sequence Learning with Neural Networks},
	year = {2014}
}

@article{hierarchicalseq2seq,
	author={Jiwei Li and Minh-Thang Luong and Dan Jurafsky},
	title = {A Hierarchical Neural Autoencoder for Paragraphs and Documents},
	year = {2015}
}

@article{phraserepresentation,
	author={Kyunghyun Cho and Bart van Merrienboer and Caglar Gulcehre and Dzmitry Bahdanau and Fethi Bougares Holger Schwenk and Yoshua Bengio},
	title = {Learning Phrase Representations using RNN Encoderâ€“Decoder for Statistical Machine Translation},
	year = {2014}
}

@article{eps,
	author={Marco Martinelli and Enrico Tronci and Giovanni Dipoppa and Claudio Balducelli2},
	title = {Electric Power System Anomaly Detection Using Neural Networks},
	year = {2004}
}

@article{dimensionalityreduction,
	author={Mayu Sakurada and Takehisa Yairi},
	title = {Anomaly Detection Using Autoencoders with Nonlinear Dimensionality Reduction},
	year = {2014}
}

@article{lstmad,
	author={Pankaj Malhotra and Lovekesh Vig and Gautam Shroff and Puneet Agarwal},
	title = {Long Short Term Memory Networks for Anomaly Detection in Time Series},
	year = {2015}
}

@article{encdecad,
	author={Pankaj Malhotra and Anusha Ramakrishnan and Gaurangi Anand and Lovekesh Vig and Puneet Agarwal and Gautam Shroff},
	title = {LSTM-based Encoder-Decoder for Multi-sensor Anomaly Detection},
	year = {2016}
}

@article{timenet,
	author={Pankaj Malhotra and Vishnu TV and Lovekesh Vig and Puneet Agarwal and Gautam Shroff},
	title = {TimeNet: Pre-trained deep recurrent neural network for time series classification},
	year = {2017}
}

@article{online,
	author={Guanyu Zhou and Kihyuk Sohn and Honglak Lee},
	title = {Online Incremental Feature Learning with Denoising Autoencoder},
	year = {2012}
}

@article{threaded,
	author={Yue Dong and Nathalie Japkowicz},
	title = {Threaded ensembles of autoencoders for stream learning},
	year = {2017}
}

@article{deep,
	author={Michiel Hermans and Benjamin Schrauwen},
	title = {Training and Analyzing Deep Recurrent Neural Networks},
	year = {2013}
}

@article{tan,
	author={Swee Chuan Tan and Kai Ming Ting and Tony Fei Liu},
	title = {Fast Anomaly Detection for Streaming Data},
	year = {2011}
}

@article{cui,
	author={Hongyin Cui},
	title = {Online Outlier Detection Over Data Streams},
	year = {2002}
}


@article{onlinelof,
	author={Xiaohong Tang and Chen Li},
	title = {The Stream Detection Based on Local Outlier Factor},
	year = {2015}
}
@article{onlinenn,
	author={Adel Ghazikhani and Reza Monsefi and Hadi Sadoghi Yadi},
	title = {Online neural network model for non-stationary and imbalanced data stream classication},
	year = {2013}
}

@article{bayesian,
	author={Max Kochurov and Timur Garipov and Dmitry Podoprikhin and Dmitry Molchanov and Arsenii Ashukha and DmitryVetrov},
	title = {BAYESIAN INCREMENTAL LEARNING FOR DEEP NEURAL NETWORKS}

}

@article{adam,
	author={Max Kochurov and Timur Garipov and Dmitry Podoprikhin and Dmitry Molchanov and Arsenii Ashukha and DmitryVetrov},
	title = {BAYESIAN INCREMENTAL LEARNING FOR DEEP NEURAL NETWORKS}

}

